@online{Clebsch,
author={M. Tukerman},
title = {The General Problem},
url = {http://www.nyu.edu/classes/tuckerman/quant.mech/lectures/lecture_8/node2.html}
}
