@article{clebsch,
  title={Clebsch-Gordan Coefficient},
  author={Weisstein, Eric W},
  year={2003},
  publisher={Wolfram Research, Inc.}
}

@article{acl2,
  title={Recursion and Induction},
  author={J Strother Moore},
  year={2008}
}

@article{merge-append,
author={M. Tukerman},
title = {The General Problem},
year = {2005}
}

@book{griffiths,
  title={Introduction to Quantum Mechanics},
  author={Griffiths, D.J.},
  isbn={9780131118928},
  lccn={2003027110},
  series={Pearson international edition},
  url={http://books.google.com/books?id=z4fwAAAAMAAJ},
  year={2005},
  publisher={Pearson Prentice Hall}
}
